@article{schulze2018capital,
  title={Capital Allocation Under the FRTB Regime via Marginal Measures},
  author={Schulze, Robert},
  journal={Available at SSRN 3265320},
  year={2018}
}

@book{gregory2015xva,
  title={The XVA Challenge: Counterparty Credit Risk, Funding, Collateral and Capital},
  author={Gregory, Jon},
  year={2015},
  publisher={John Wiley \& Sons}
}
@misc{EurexDec2018,
  author = {Eurex},
  title = {{Eurex Monthly Statistics December 2018}},
  howpublished = {\url{http://www.eurexchange.com/blob/3571518/1aa0157c4b96709caa97b254a4075aaf/data/monthlystat_201812.pdf}},
  note = {Accessed: 2019-01-22}
}

@misc{ISDAMarginSurvey,
  author = {ISDA},
  title = {{ISDA margin survey year-end 2019}},
  howpublished = {\url{https://www.isda.org/a/1F7TE/ISDA-Margin-Survey-Year-end-2019.pdf?_zs=EdegM1&_zl=Gqrh5}},
  note = {Accessed: 2020-07-18},
  year = {2020}
}

@misc{QuantLib,
  author =       "Ferdinando Ametrano, Luigi Ballabio et al.",
  title =        "QuantLib - a free/open-source library for quantitative
finance",
  year =         "2020",
  URL =         "http://quantlib.org/",
}

@misc{EurexDMP,
  author = {Eurex},
  title = {{Eurex Default Management Process}},
  howpublished = {\url{http://www.eurexclearing.com/clearing-en/risk-management/default-management-process}},
  note = {Accessed: 2019-01-24}
}
@misc{BISOTCStats,
  author = {Bank of International Settlements (BIS)},
  title = {{OTC derivatives outstanding}},
  howpublished = {\url{https://www.bis.org/statistics/derstats.htm}},
  note = {Accessed: 2019-01-24}
}
@misc{ISDADec2013,
  author = {International Swaps and Derivatives Association (ISDA)},
  title = {{ISDA Standard Initial Margin Model (SIMM\texttrademark) for Non-Cleared Derivatives}},
  howpublished = {\url{https://www.isda.org/a/gwEDE/march-26-simm-for-non-cleared-paper.pdf}},
  note = {Accessed: 2019-04-29}
}
@misc{RiskDataStandard,
  author = {International Swaps and Derivatives Association (ISDA)},  
  title = {{ISDA SIMM{\texttrademark} Methodology: Risk Data Standards, version 1.60}}
}
@misc{SIMM,
  author = {International Swaps and Derivatives Association (ISDA)},
  title = {{ISDA SIMM{\texttrademark} Methodology, version 2.1}},
  howpublished = {\url{https://www.isda.org/a/zSpEE/ISDA-SIMM-v2.1-PUBLIC.pdf}},
  note = {Accessed: 2019-04-29}
}
@misc{SIMM_technical_paper,
  author = {International Swaps and Derivatives Association (ISDA)},
  title = {{Simm Initial Margin Model: Technical Paper}},
}
@misc{basel2,
  author = {Basel Comittee on Banking Supervision (BCBS)},
  year = {2009},
  title = {{International convergence of capital measurement and capital standards, a revised framework - comprehensive version}},
  howpublished = {\url{https://www.bis.org/publ/bcbs128.htm}},
  note = {Accessed: 2019-04-29}
}
@misc{SACCR,
  author = {Basel Comittee on Banking Supervision (BCBS)},
  year = {2014},
  title = {{The standardised approach for measuring counterparty credit risk exposures}},
  howpublished = {\url{https://www.bis.org/publ/bcbs279.htm}},
  note = {Accessed: 2020-04-25}
}
@incollection{tibiletti2001incremental,
  title={Incremental Value-at-Risk: traps and misinter-pretations},
  author={Tibiletti, Luisa},
  booktitle={Mathematical Finance},
  pages={355--364},
  year={2001},
  publisher={Springer}
}
@article{koyluoglu2002risk,
  title={Risk decomposition Honour your contribution},
  author={Koyluoglu, Ugur and Stoker, James},
  journal={RISK-LONDON-RISK MAGAZINE LIMITED-},
  volume={15},
  number={4},
  pages={90--94},
  year={2002},
  publisher={RISK MAGAZINE LIMITED}
}

@misc{Hoecherl2020,
  author = {H\"ocherl, Andreas},
  title = {{SA-CCR Allocation GitHub repository}},
  year = {2020},
  publisher = {GitHub},
  journal = {GitHub repository},
  howpublished = {\url{https://github.com/ahoecherl/SA_CCR_Allocation/tree/600ad9610b88044c3b105ba5cd1dd4450fd6db48}},
  commit = {600ad9610b88044c3b105ba5cd1dd4450fd6db48}
}

@misc{simm-lib,
author = {Acadiasoft},
title = {{simm-lib GitHub repository}},
year = {2019},
publisher = {GitHub},
journal = {GitHub repository},
howpublished =  {https://github.com/AcadiaSoft/simm-lib},
commit = {37e54dfc45617caa3749cf3cd051283a08c433b9}
}

@article{tasche2007,
author = {Tasche, Dirk},
year = {2007},
month = {09},
pages = {},
title = {Euler Allocation: Theory and Practice}
}

@article{shapley1951,
author = {Shapley, Lloyd},
year = {1951},
month = {08},
title = {Notes on the n-Person Game -- II: The Value of an n-Person Game}
}

@article{andersen2017does,
  title={Does initial margin eliminate counterparty risk},
  author={Andersen, Leif and Pykhtin, Michael and Sokol, Alexander},
  journal={Risk},
  volume={30},
  number={5},
  pages={74--79},
  year={2017}
}

@misc{BCBS_MarginRequirements,
  author = {Basel Comittee on Banking Supervision (BCBS)},
  year = {2020},
  title = {{Margin requirements for non-centrally cleared derivatives}},
  howpublished = {\url{https://www.bis.org/bcbs/publ/d499.pdf}},
  note = {Accessed: 2020-07-18}
}

@misc{CRE,
  author = {Basel Comittee on Banking Supervision (BCBS)},
  year = {2019},
  title = {{CRE - Calculation of RWA for credit risk}},
  howpublished = {\url{https://www.bis.org/basel_framework/standard/CRE.htm}},
  note = {Accessed: 2020-07-18}
}

@misc{CRE52,
  author = {Basel Comittee on Banking Supervision (BCBS)},
  year = {2019},
  title = {{CRE52 - Standardised appraoch to counterparty credit risk}},
  howpublished = {\url{https://www.bis.org/basel_framework/chapter/CRE/52.htm}},
  note = {Accessed: 2020-07-18}
}

@misc{OTC_Margin_EU_Regulation,
  author = {European Parliament},
  journal = {Official journal of the European union},
  year = {2016},
  title = {Commission delegated regulation (EU) 2016/2251},
  howpublished = {\url{https://eur-lex.europa.eu/legal-content/EN/TXT/HTML/?uri=CELEX:32016R2251&from=EN#d1e32-40-1}},
  note = {Accessed: 2020-07-18}
}

@misc{CRRII,
  author = {European Parliament},
  journal = {Official journal of the European union},
  year = {2019},
  title = {Regulation (EU) 2019/876 of the european parliament and of the council (CRR II)},
  howpublished = {\url{https://eur-lex.europa.eu/legal-content/EN/TXT/HTML/?uri=CELEX:32019R0876&from=EN#d1e6999-1-1}},
  note = {Accessed: 2020-07-18}
}

@misc{EBA_2019,
  author = {European banking authority},
  year = {2019},
  title = {EBA FINAL draft Regulatory Technical Standards},
  howpublished = {\url{https://eba.europa.eu/sites/default/documents/files/document_library/Publications/Consultations/2019/CP%20on%20EBA%20launches%20consultation%20on%20technical%20standards/Final%20guidelines/EBA-RTS-2019-02%20%28Final%20draft%20RTS%20on%20SA-CCR%29.pdf}},
  note = {Accessed: 2020-07-18}
}

@misc{CCP_margining_regulation,
  author = {European Parliament},
  journal = {Official journal of the European Union},
  year = {2013},
  title = {Commission delegated regulation (EU) No 153/2013},
  howpublished = {\url{https://eur-lex.europa.eu/legal-content/EN/TXT/?uri=CELEX%3A32013R0153}},
  note = {Accessed: 2020-07-19}
}